<record><leader>00000cas a22000001a 4500</leader><controlfield tag="001">33144760</controlfield><controlfield tag="007">hd afb018baca</controlfield><controlfield tag="007">hd bfb018baaa</controlfield><controlfield tag="008">950918u1893uuuunjudn nea     0   c0ukroc</controlfield><datafield ind1=" " ind2=" " tag="010"><subfield code="a">sn 94090259 </subfield></datafield><datafield ind1=" " ind2=" " tag="040"><subfield code="a">NN</subfield><subfield code="b">eng</subfield><subfield code="c">RQM</subfield><subfield code="d">OCLCQ</subfield><subfield code="d">OCLCF</subfield><subfield code="d">OCLCO</subfield></datafield><datafield ind1=" " ind2=" " tag="012"><subfield code="i">9505</subfield></datafield><datafield ind1="0" ind2=" " tag="022"><subfield code="a">0274-6964</subfield><subfield code="l">0274-6964</subfield><subfield code="2">1</subfield></datafield><datafield ind1="1" ind2=" " tag="029"><subfield code="a">AU@</subfield><subfield code="b">000025864409</subfield></datafield><datafield ind1=" " ind2=" " tag="032"><subfield code="a">530420</subfield><subfield code="b">USPS</subfield></datafield><datafield ind1=" " ind2=" " tag="037"><subfield code="b">30 Montgomery Street, Jersey City, N.J., 07302</subfield></datafield><datafield ind1="0" ind2=" " tag="041"><subfield code="a">ukreng</subfield></datafield><datafield ind1=" " ind2=" " tag="042"><subfield code="a">pcc</subfield></datafield><datafield ind1=" " ind2=" " tag="043"><subfield code="a">n-us-nj</subfield></datafield><datafield ind1="0" ind2=" " tag="130"><subfield code="a">Svoboda (Jersey City, N.J.)</subfield></datafield><datafield ind1="0" ind2=" " tag="210"><subfield code="a">Svoboda</subfield><subfield code="b">(Jersey City)</subfield></datafield><datafield ind1=" " ind2="0" tag="222"><subfield code="a">Svoboda</subfield><subfield code="b">(Jersey City)</subfield></datafield><datafield ind1="0" ind2="0" tag="245"><subfield code="a">Svoboda</subfield><subfield code="h">[microform].</subfield></datafield><datafield ind1="3" ind2="1" tag="246"><subfield code="a">Liberty</subfield></datafield><datafield ind1="1" ind2="3" tag="246"><subfield code="a">Swoboda</subfield></datafield><datafield ind1="3" ind2="0" tag="246"><subfield code="a">Ukrainian daily</subfield></datafield><datafield ind1=" " ind2=" " tag="260"><subfield code="a">Jersey City, N.J. :</subfield><subfield code="b">"Svoboda" Print. Office,</subfield><subfield code="c">1893-</subfield></datafield><datafield ind1=" " ind2=" " tag="300"><subfield code="a">v. :</subfield><subfield code="b">ill. ;</subfield><subfield code="c">45-62 cm.</subfield></datafield><datafield ind1=" " ind2=" " tag="310"><subfield code="a">Daily (except Sun., Mon. and holidays)</subfield><subfield code="b">May 29, 1980-</subfield></datafield><datafield ind1=" " ind2=" " tag="321"><subfield code="a">Semimonthly,</subfield><subfield code="b">Sept. 15, 1893-Feb. 15, 1894</subfield></datafield><datafield ind1=" " ind2=" " tag="321"><subfield code="a">Weekly,</subfield><subfield code="b">Mar. 1, 1894-&lt;1914&gt;</subfield></datafield><datafield ind1=" " ind2=" " tag="321"><subfield code="a">Triweekly,</subfield><subfield code="b">1915-1920</subfield></datafield><datafield ind1=" " ind2=" " tag="321"><subfield code="a">Daily (except Mon. and holidays)</subfield><subfield code="b">&lt;1933&gt;-May 28, 1980</subfield></datafield><datafield ind1="0" ind2=" " tag="362"><subfield code="a">Hod 1, ch. 1 (15 ver., 1893)-</subfield></datafield><datafield ind1=" " ind2=" " tag="500"><subfield code="a">&quot;Chasopys&#697; dli&#65056;a&#65057; ruskoho naroda v Americi.&quot;</subfield></datafield><datafield ind1=" " ind2=" " tag="500"><subfield code="a">Some issues also have title in English: Liberty.</subfield></datafield><datafield ind1=" " ind2=" " tag="500"><subfield code="a">Some issues have subtitle: Ukrai&#776;ns&#697;kyi&#774; shchodennyk = Ukrainian daily.</subfield></datafield><datafield ind1=" " ind2=" " tag="500"><subfield code="a">Independent.</subfield></datafield><datafield ind1=" " ind2=" " tag="500"><subfield code="a">Title repeated in roman script.</subfield></datafield><datafield ind1=" " ind2=" " tag="550"><subfield code="a">Published by: Ukrainian National Association, &lt;1915-&gt;</subfield></datafield><datafield ind1=" " ind2=" " tag="515"><subfield code="a">Sunday eds. before June 1, 1980 had title: Ukrainian weekly, while 'Svoboda' in Cyrillic and roman script appeared in the logo.</subfield></datafield><datafield ind1=" " ind2=" " tag="546"><subfield code="a">In Ukrainian with Sunday ed. in English.</subfield></datafield><datafield ind1=" " ind2=" " tag="580"><subfield code="a">Separately numbered Sunday ed. entitled The Ukrainian weekly began June 1, 1980.</subfield></datafield><datafield ind1=" " ind2=" " tag="533"><subfield code="a">Microfilm.</subfield><subfield code="m">hod 51-75 (1943-1968):[Gaps]</subfield><subfield code="b">New York :</subfield><subfield code="c">New York Public Library,</subfield><subfield code="d">1967-1972.</subfield><subfield code="e">30 microfilm reels ; 35 mm.</subfield></datafield><datafield ind1=" " ind2="0" tag="650"><subfield code="a">Ukrainians</subfield><subfield code="z">United States</subfield><subfield code="v">Newspapers.</subfield></datafield><datafield ind1=" " ind2="0" tag="650"><subfield code="a">Ukrainian Americans</subfield><subfield code="v">Newspapers.</subfield></datafield><datafield ind1=" " ind2="4" tag="651"><subfield code="a">Jersey City (N.J.)</subfield><subfield code="v">Newspapers.</subfield></datafield><datafield ind1=" " ind2="7" tag="655"><subfield code="a">Newspapers.</subfield><subfield code="2">fast</subfield><subfield code="0">(OCoLC)fst01423814</subfield></datafield><datafield ind1=" " ind2="7" tag="650"><subfield code="a">Ukrainian Americans.</subfield><subfield code="2">fast</subfield><subfield code="0">(OCoLC)fst01160424</subfield></datafield><datafield ind1=" " ind2="7" tag="650"><subfield code="a">Ukrainians.</subfield><subfield code="2">fast</subfield><subfield code="0">(OCoLC)fst01160566</subfield></datafield><datafield ind1=" " ind2="7" tag="651"><subfield code="a">United States.</subfield><subfield code="2">fast</subfield><subfield code="0">(OCoLC)fst01204155</subfield></datafield><datafield ind1="2" ind2=" " tag="710"><subfield code="a">Ukrainian National Association.</subfield></datafield><datafield ind1=" " ind2=" " tag="752"><subfield code="a">United States</subfield><subfield code="b">New Jersey</subfield><subfield code="c">Hudson</subfield><subfield code="d">Jersey City.</subfield></datafield><datafield ind1=" " ind2=" " tag="752"><subfield code="a">United States</subfield><subfield code="b">New York</subfield><subfield code="c">New York</subfield><subfield code="d">New York.</subfield></datafield><datafield ind1="1" ind2=" " tag="775"><subfield code="t">Ukrainian weekly</subfield></datafield><datafield ind1="1" ind2=" " tag="776"><subfield code="c">Original</subfield><subfield code="w">(DLC)sn 80012518</subfield><subfield code="w">(OCoLC)1766932</subfield></datafield><datafield ind1=" " ind2=" " tag="850"><subfield code="a">NN</subfield><subfield code="a">NN (master)</subfield></datafield></record>